<record><leader>00000cas a22000007a 4500</leader><controlfield tag="001">20062959</controlfield><controlfield tag="008">890724d18891975mouwr ne      0    0eng d</controlfield><datafield ind1=" " ind2=" " tag="010"><subfield code="a">sn 89066716 </subfield></datafield><datafield ind1=" " ind2=" " tag="040"><subfield code="a">MQN</subfield><subfield code="b">eng</subfield><subfield code="c">MQN</subfield><subfield code="d">OCLCQ</subfield></datafield><datafield ind1=" " ind2=" " tag="042"><subfield code="a">msc</subfield></datafield><datafield ind1="0" ind2=" " tag="130"><subfield code="a">Perry County republican (Perryville, Mo.)</subfield></datafield><datafield ind1="1" ind2="0" tag="245"><subfield code="a">Perry County republican.</subfield></datafield><datafield ind1=" " ind2=" " tag="260"><subfield code="a">Perryville, Mo. :</subfield><subfield code="b">A.V. Cashion,</subfield><subfield code="c">-1975.</subfield></datafield><datafield ind1=" " ind2=" " tag="300"><subfield code="a">v.</subfield></datafield><datafield ind1=" " ind2=" " tag="310"><subfield code="a">Weekly</subfield></datafield><datafield ind1="1" ind2=" " tag="362"><subfield code="a">Began in 1889?</subfield></datafield><datafield ind1="0" ind2=" " tag="362"><subfield code="a">-v. 86, no. 21 (Jan. 8, 1975).</subfield></datafield><datafield ind1=" " ind2=" " tag="588"><subfield code="a">Description based on: Vol. 9, no. 1 (Oct. 28, 1897).</subfield></datafield><datafield ind1=" " ind2=" " tag="752"><subfield code="a">United States</subfield><subfield code="b">Missouri</subfield><subfield code="c">Perry</subfield><subfield code="d">Perryville.</subfield></datafield><datafield ind1="0" ind2="0" tag="785"><subfield code="t">Perry County republic</subfield><subfield code="w">(DLC)sn 89066717</subfield></datafield></record>